@manual{REMH,
    title        = "Requirements Engineering Management Handbook",
    author       = "David L. Lempia and Steven P. Miller",
    organization = "DOT/FAA",
    address      = "Springfield, Virginia",
    month        = "June",
    year         = "2009"
}
